<?xml version="1.0" encoding="UTF-8"?><collection xmlns="http://www.loc.gov/MARC21/slim"><record><leader>00356nam--2200133-i-4500</leader><controlfield tag="001">000029709</controlfield><controlfield tag="002">20161230</controlfield><controlfield tag="005">20161230201037</controlfield><controlfield tag="008">060222s1000------------r-----000-0-eng-d</controlfield><datafield ind1=" " ind2=" " tag="080"><subfield code="a">681.5</subfield></datafield><datafield ind1=" " ind2=" " tag="100"><subfield code="a">Kuo, Benjamin C./S.A.</subfield></datafield><datafield ind1=" " ind2=" " tag="245"><subfield code="a">Sisteme de comanda si reglare incrementala a pozitiei</subfield></datafield><datafield ind1=" " ind2=" " tag="260"><subfield code="a">Bucuresti, Editura Tehnica, 1981. 532p</subfield></datafield><datafield ind1=" " ind2=" " tag="852"><subfield code="a">48809</subfield></datafield></record></collection>